@Book{xie2015,
  title = {Dynamic Documents with {R} and knitr},
  author = {Yihui Xie},
  publisher = {Chapman and Hall/CRC},
  address = {Boca Raton, Florida},
  year = {2015},
  edition = {2nd},
  note = {ISBN 978-1498716963},
  url = {http://yihui.name/knitr/},
}

@Book{allan18,
  title = {Elementary Statistics: A Step by Step Approach},
  author = {Allan G. Bluman},
  publisher = {McGraw-Hill Education},
  address = {New York},
  year = {2018},
  edition = {10th},
  note = {ISBN 978-1-259-75533-0},
}

@Book{chalmer19,
  title = {Understanding Statistics},
  author = {Bruce J. Chalmer},
  publisher = {CRC Press},
  address = {Boca Raton},
  year = {2019},
  note = {ISBN 13: 978-0-8247-7322-9},
}
